<record><leader>00000cas a2200000 a 4500</leader><controlfield tag="001">47848694</controlfield><controlfield tag="008">010827d19591992miuwr n       0    0eng c</controlfield><datafield ind1=" " ind2=" " tag="010"><subfield code="a">sn2001061760</subfield></datafield><datafield ind1=" " ind2=" " tag="040"><subfield code="a">MHN</subfield><subfield code="b">eng</subfield><subfield code="c">MHN</subfield><subfield code="d">OCLCQ</subfield></datafield><datafield ind1=" " ind2=" " tag="042"><subfield code="a">pcc</subfield></datafield><datafield ind1=" " ind2=" " tag="043"><subfield code="a">n-us-mi</subfield></datafield><datafield ind1="0" ind2="4" tag="245"><subfield code="a">The Sebewaing blade and Unionville crescent.</subfield></datafield><datafield ind1="1" ind2="3" tag="246"><subfield code="a">Blade crescent</subfield></datafield><datafield ind1=" " ind2=" " tag="260"><subfield code="a">Sebewaing, Mich. :</subfield><subfield code="b">[s.n.]</subfield></datafield><datafield ind1=" " ind2=" " tag="300"><subfield code="a">v.</subfield></datafield><datafield ind1=" " ind2=" " tag="310"><subfield code="a">Weekly</subfield></datafield><datafield ind1="1" ind2=" " tag="362"><subfield code="a">Began in 1959; ceased in 1992.</subfield></datafield><datafield ind1=" " ind2=" " tag="500"><subfield code="a">Publishers: Walt J. and Margretta A. Rummel and Irene J. Bolzman (1990).</subfield></datafield><datafield ind1=" " ind2="0" tag="651"><subfield code="a">Sebewaing (Mich.)</subfield><subfield code="v">Newspapers.</subfield></datafield><datafield ind1=" " ind2="0" tag="651"><subfield code="a">Unionville (Mich.)</subfield><subfield code="v">Newspapers.</subfield></datafield><datafield ind1=" " ind2="0" tag="651"><subfield code="a">Huron County (Mich.)</subfield><subfield code="v">Newspapers.</subfield></datafield><datafield ind1=" " ind2="0" tag="651"><subfield code="a">Tuscola County (Mich.)</subfield><subfield code="v">Newspapers.</subfield></datafield><datafield ind1=" " ind2=" " tag="752"><subfield code="a">United States</subfield><subfield code="b">Michigan</subfield><subfield code="c">Huron</subfield><subfield code="d">Sebewaing.</subfield></datafield><datafield ind1=" " ind2=" " tag="752"><subfield code="a">United States</subfield><subfield code="b">Michigan</subfield><subfield code="c">Tuscola</subfield><subfield code="d">Unionville.</subfield></datafield><datafield ind1="0" ind2="4" tag="780"><subfield code="t">Sebewaing blade</subfield><subfield code="w">(DLC)sn2001061758</subfield><subfield code="w">(OCoLC)47848624</subfield></datafield><datafield ind1="0" ind2="4" tag="780"><subfield code="t">Unionville crescent</subfield><subfield code="w">(DLC)sn2001061758</subfield><subfield code="w">(OCoLC)47848478</subfield></datafield><datafield ind1="0" ind2="7" tag="785"><subfield code="t">Progress-advance</subfield><subfield code="w">(DLC)sn 96076854</subfield><subfield code="w">(OCoLC)35099071</subfield></datafield><datafield ind1="0" ind2="7" tag="785"><subfield code="t">Newsweekly (Pigeon, Mich.)</subfield><subfield code="w">(DLC)sn 93003960</subfield><subfield code="w">(OCoLC)28575527</subfield></datafield><datafield ind1="1" ind2=" " tag="029"><subfield code="a">AU@</subfield><subfield code="b">000022935365</subfield></datafield></record>